<record><leader>00000cas a2200000 i 4500</leader><controlfield tag="001">893978080</controlfield><controlfield tag="006">m     o  d        </controlfield><controlfield tag="007">cr |||||||||||</controlfield><controlfield tag="008">141029d189u189unmuwr neo     0   a0eng  </controlfield><datafield ind1=" " ind2=" " tag="010"><subfield code="a">  2014218715</subfield></datafield><datafield ind1=" " ind2=" " tag="040"><subfield code="a">DLC</subfield><subfield code="b">eng</subfield><subfield code="e">rda</subfield><subfield code="c">DLC</subfield><subfield code="d">DLC</subfield><subfield code="d">IUL</subfield></datafield><datafield ind1="0" ind2=" " tag="022"><subfield code="a">2375-7302</subfield><subfield code="2">1</subfield></datafield><datafield ind1=" " ind2=" " tag="042"><subfield code="a">pcc</subfield><subfield code="a">nsdp</subfield></datafield><datafield ind1=" " ind2=" " tag="043"><subfield code="a">n-us-nm</subfield></datafield><datafield ind1="1" ind2="0" tag="050"><subfield code="a">ISSN RECORD</subfield></datafield><datafield ind1="0" ind2="0" tag="082"><subfield code="a">071</subfield><subfield code="2">23</subfield></datafield><datafield ind1=" " ind2="4" tag="222"><subfield code="a">The old Abe eagle</subfield><subfield code="b">(Online)</subfield></datafield><datafield ind1="0" ind2="4" tag="245"><subfield code="a">The old Abe eagle.</subfield></datafield><datafield ind1=" " ind2="1" tag="264"><subfield code="a">White Oaks, Lincoln Co., New Mexico :</subfield><subfield code="b">Ross &amp; Raible</subfield></datafield><datafield ind1=" " ind2=" " tag="300"><subfield code="a">1 online resource</subfield></datafield><datafield ind1=" " ind2=" " tag="310"><subfield code="a">Weekly</subfield></datafield><datafield ind1=" " ind2=" " tag="336"><subfield code="a">text</subfield><subfield code="b">txt</subfield><subfield code="2">rdacontent</subfield></datafield><datafield ind1=" " ind2=" " tag="337"><subfield code="a">computer</subfield><subfield code="b">c</subfield><subfield code="2">rdamedia</subfield></datafield><datafield ind1=" " ind2=" " tag="338"><subfield code="a">online resource</subfield><subfield code="b">cr</subfield><subfield code="2">rdacarrier</subfield></datafield><datafield ind1="1" ind2=" " tag="362"><subfield code="a">Began with Nov. 20, 1891? Ceased with July 11, 1895?</subfield></datafield><datafield ind1=" " ind2=" " tag="500"><subfield code="a">Publishers: Watson &amp; Hewitt, &lt;May 30-July 11, 1895&gt;.</subfield></datafield><datafield ind1=" " ind2=" " tag="515"><subfield code="a">Also carries numbering of the New Mexico interpreter.</subfield></datafield><datafield ind1=" " ind2=" " tag="588"><subfield code="a">Description based on: Vol. I, no. 3 [i.e.2?] (Nov. 27, 1891); title from masthead (Chroniclingamerica.loc.gov, viewed October 29, 2014).</subfield></datafield><datafield ind1=" " ind2=" " tag="588"><subfield code="a">Latest issue consulted: Vol. IV, no. 31 (July 11, 1895) (Chroniclingamerica.loc.gov, viewed October 29, 2014).</subfield></datafield><datafield ind1=" " ind2="0" tag="651"><subfield code="a">White Oaks (N.M.)</subfield><subfield code="v">Newspapers.</subfield></datafield><datafield ind1=" " ind2="0" tag="651"><subfield code="a">Lincoln County (N.M.)</subfield><subfield code="v">Newspapers.</subfield></datafield><datafield ind1=" " ind2="7" tag="651"><subfield code="a">New Mexico</subfield><subfield code="z">Lincoln County.</subfield><subfield code="2">fast</subfield><subfield code="0">(OCoLC)fst01218749</subfield></datafield><datafield ind1=" " ind2="7" tag="651"><subfield code="a">New Mexico</subfield><subfield code="z">White Oaks.</subfield><subfield code="2">fast</subfield><subfield code="0">(OCoLC)fst01297936</subfield></datafield><datafield ind1=" " ind2="7" tag="655"><subfield code="a">Newspapers.</subfield><subfield code="2">fast</subfield><subfield code="0">(OCoLC)fst01423814</subfield></datafield><datafield ind1=" " ind2=" " tag="752"><subfield code="a">United States</subfield><subfield code="b">New Mexico</subfield><subfield code="c">Lincoln</subfield><subfield code="d">White Oaks.</subfield></datafield><datafield ind1="0" ind2="8" tag="776"><subfield code="i">Print version:</subfield><subfield code="t">Old Abe eagle</subfield><subfield code="x">2375-7299</subfield><subfield code="w">(DLC)sn 93061407</subfield><subfield code="w">(OCoLC)27872647</subfield></datafield><datafield ind1="0" ind2="0" tag="780"><subfield code="t">New Mexico interpreter</subfield><subfield code="w">(OCoLC)664615793</subfield></datafield><datafield ind1="0" ind2="0" tag="785"><subfield code="t">White Oaks eagle</subfield><subfield code="x">2375-8775</subfield><subfield code="w">(DLC)  2014218725</subfield><subfield code="w">(OCoLC)743139250</subfield></datafield><datafield ind1="4" ind2="0" tag="856"><subfield code="u">http://www.loc.gov/chroniclingamerica/lccn/sn93061407/issues</subfield></datafield></record>